@Misc{sym_group,
	title = {{Symmetric Group} definition},
	howpublished = {\url{https://en.m.wikipedia.org/wiki/Symmetric_group}},
}

@Misc{pydealer,
	title = {{pydealer Python} module},
	howpublished = {\url{https://pypi.python.org/pypi/pydealer/}},
}

@Misc{bbc,
	title = {{BBC} food site},
	howpublished = {\url{http://www.bbc.co.uk/food/recipes/}},
}

@Misc{urllib2,
	title = {{urllib2 Python} module},
	howpublished = {\url{https://docs.python.org/2/library/urllib2.html}},
}

@Misc{beaut_soup,
	title = {{BeautifulSoup Python} module},
	howpublished = {\url{https://pypi.python.org/pypi/beautifulsoup4}},
}

@Misc{csv,
	title = {{unicodecsv Python} module},
	howpublished = {\url{https://pypi.python.org/pypi/unicodecsv/0.14.1}},
}

@Misc{nltk,
	title = {{NLTK Python} library},
	howpublished = {\url{http://www.nltk.org/}},
}

@Misc{inv_ind,
	title = {{Inverted Index} definition},
	howpublished = {\url{https://en.wikipedia.org/wiki/Inverted_index}},
}

@Misc{doc_term,
	title = {{Doc-term matrix} definition},
	howpublished = {\url{https://en.wikipedia.org/wiki/Document-term_matrix}},
}

@misc{tf_idf,
	title = {{Inverted Document Frequency} definition},
	howpublished = {\url{https://en.wikipedia.org/wiki/Tf-idf}},
}

@Misc{pickle,
	title = {{pickle Python} module},
	howpublished = {\url{https://docs.python.org/2/library/pickle.html}},
}

@Book{iir,
	author    = {{Manning C. D., Prabhakar R. and Hinrich S.}},
	title     = {An Introduction to Information Retrieval},
	edition   = {Online},
	year      = {2009},
	publisher = {Cambridge University Press},
	address   = {Cambridge, England},
}


@Misc{pympler,
	title = {{pympler Python} module},
	howpublished = {\url{https://pythonhosted.org/Pympler/}},
}

@Misc{flask,
	title = {{Flask Python} web microframework},
	howpublished = {\url{http://flask.pocoo.org/}},
}