@Book{mmd,
	author    = {{Leskovec J., Rajaraman A. and Ullman J. D.}},
	title     = {Mining of Massive Datasets},
	edition   = {2nd},
	year      = {2014},
    publisher = {Cambridge University press},
	address   = {Cambridge, England},
}

@Misc{fm,
	title = {{Flajolet-Martin} algorithm},
	howpublished = {\url{https://en.wikipedia.org/wiki/Flajolet%E2%80%93Martin_algorithm}},
}

@Misc{ams,
	title = {{Alon-Matias-Szegedy} algorithm},
	howpublished = {\url{http://aris.me/contents/teaching/data-mining-2016/slides/data-streams.pdf}},
}
