@Misc{bbc,
	title = {{BBC} food site},
	howpublished = {\url{http://www.bbc.co.uk/food/recipes/}},
}

@Book{iir,
	author    = {{Manning C. D., Prabhakar R. and Hinrich S.}},
	title     = {An Introduction to Information Retrieval},
	edition   = {Online},
	year      = {2009},
	publisher = {Cambridge University Press},
	address   = {Cambridge, England},
}

@Misc{dijkstra,
	title = {{Dijkstra's} algorithm},
	howpublished = {\url{https://en.wikipedia.org/wiki/Dijkstra's_algorithm}},
}

@Misc{fm,
	title = {{Flajolet-Martin sketching} algorithm},
	howpublished = {\url{https://en.wikipedia.org/wiki/Flajolet%E2%80%93Martin_algorithm}},
}